%YAML 1.1
%TAG !u! tag:unity3d.com,2011:
--- !u!1 &1779416339705907354
GameObject:
  m_ObjectHideFlags: 0
  m_CorrespondingSourceObject: {fileID: 0}
  m_PrefabInstance: {fileID: 0}
  m_PrefabAsset: {fileID: 0}
  serializedVersion: 6
  m_Component:
  - component: {fileID: 5201458994555353874}
  - component: {fileID: 3647201457689847968}
  - component: {fileID: -8556659733107938317}
  m_Layer: 0
  m_Name: Wheat
  m_TagString: Untagged
  m_Icon: {fileID: 0}
  m_NavMeshLayer: 0
  m_StaticEditorFlags: 0
  m_IsActive: 1
--- !u!4 &5201458994555353874
Transform:
  m_ObjectHideFlags: 0
  m_CorrespondingSourceObject: {fileID: 0}
  m_PrefabInstance: {fileID: 0}
  m_PrefabAsset: {fileID: 0}
  m_GameObject: {fileID: 1779416339705907354}
  m_LocalRotation: {x: 0, y: 0, z: 0, w: 1}
  m_LocalPosition: {x: 0, y: 0, z: 0}
  m_LocalScale: {x: 1, y: 1, z: 1}
  m_Children:
  - {fileID: 2923731393049536191}
  - {fileID: 5213284652925547189}
  - {fileID: 1418856225176432390}
  m_Father: {fileID: 0}
  m_RootOrder: 0
  m_LocalEulerAnglesHint: {x: 0, y: 0, z: 0}
--- !u!114 &3647201457689847968
MonoBehaviour:
  m_ObjectHideFlags: 0
  m_CorrespondingSourceObject: {fileID: 0}
  m_PrefabInstance: {fileID: 0}
  m_PrefabAsset: {fileID: 0}
  m_GameObject: {fileID: 1779416339705907354}
  m_Enabled: 0
  m_EditorHideFlags: 0
  m_Script: {fileID: 11500000, guid: b63be8d64c85e964496098abb9383851, type: 3}
  m_Name: 
  m_EditorClassIdentifier: 
  type: 5
  hasRobber: 0
  number: 0
  surroundingIntersections:
  - {fileID: 0}
  - {fileID: 0}
  - {fileID: 0}
  - {fileID: 0}
  - {fileID: 0}
  - {fileID: 0}
  gridCoordinate: {x: 0, y: 0, z: 0}
--- !u!54 &-8556659733107938317
Rigidbody:
  m_ObjectHideFlags: 0
  m_CorrespondingSourceObject: {fileID: 0}
  m_PrefabInstance: {fileID: 0}
  m_PrefabAsset: {fileID: 0}
  m_GameObject: {fileID: 1779416339705907354}
  serializedVersion: 2
  m_Mass: 1
  m_Drag: 0
  m_AngularDrag: 0.05
  m_UseGravity: 1
  m_IsKinematic: 1
  m_Interpolate: 0
  m_Constraints: 0
  m_CollisionDetection: 0
--- !u!1 &2583094325953985541
GameObject:
  m_ObjectHideFlags: 0
  m_CorrespondingSourceObject: {fileID: 0}
  m_PrefabInstance: {fileID: 0}
  m_PrefabAsset: {fileID: 0}
  serializedVersion: 6
  m_Component:
  - component: {fileID: 2923731393049536191}
  - component: {fileID: 2250943995740891418}
  - component: {fileID: 4096027068117016016}
  m_Layer: 0
  m_Name: Hexagon
  m_TagString: Untagged
  m_Icon: {fileID: 0}
  m_NavMeshLayer: 0
  m_StaticEditorFlags: 0
  m_IsActive: 1
--- !u!4 &2923731393049536191
Transform:
  m_ObjectHideFlags: 0
  m_CorrespondingSourceObject: {fileID: 0}
  m_PrefabInstance: {fileID: 0}
  m_PrefabAsset: {fileID: 0}
  m_GameObject: {fileID: 2583094325953985541}
  m_LocalRotation: {x: -0.7071068, y: 0, z: 0, w: 0.7071068}
  m_LocalPosition: {x: -0, y: 0, z: 0}
  m_LocalScale: {x: 500, y: 500, z: 50}
  m_Children: []
  m_Father: {fileID: 5201458994555353874}
  m_RootOrder: 0
  m_LocalEulerAnglesHint: {x: -90, y: 0, z: 0}
--- !u!33 &2250943995740891418
MeshFilter:
  m_ObjectHideFlags: 0
  m_CorrespondingSourceObject: {fileID: 0}
  m_PrefabInstance: {fileID: 0}
  m_PrefabAsset: {fileID: 0}
  m_GameObject: {fileID: 2583094325953985541}
  m_Mesh: {fileID: 2534964839176971238, guid: 21872548f46b67b4e89ab9b9528c7f22, type: 3}
--- !u!23 &4096027068117016016
MeshRenderer:
  m_ObjectHideFlags: 0
  m_CorrespondingSourceObject: {fileID: 0}
  m_PrefabInstance: {fileID: 0}
  m_PrefabAsset: {fileID: 0}
  m_GameObject: {fileID: 2583094325953985541}
  m_Enabled: 1
  m_CastShadows: 1
  m_ReceiveShadows: 1
  m_DynamicOccludee: 1
  m_MotionVectors: 1
  m_LightProbeUsage: 1
  m_ReflectionProbeUsage: 1
  m_RayTracingMode: 2
  m_RayTraceProcedural: 0
  m_RenderingLayerMask: 1
  m_RendererPriority: 0
  m_Materials:
  - {fileID: 2100000, guid: 4534c37defa53dc498af2f25e050318e, type: 2}
  m_StaticBatchInfo:
    firstSubMesh: 0
    subMeshCount: 0
  m_StaticBatchRoot: {fileID: 0}
  m_ProbeAnchor: {fileID: 0}
  m_LightProbeVolumeOverride: {fileID: 0}
  m_ScaleInLightmap: 1
  m_ReceiveGI: 1
  m_PreserveUVs: 0
  m_IgnoreNormalsForChartDetection: 0
  m_ImportantGI: 0
  m_StitchLightmapSeams: 1
  m_SelectedEditorRenderState: 3
  m_MinimumChartSize: 4
  m_AutoUVMaxDistance: 0.5
  m_AutoUVMaxAngle: 89
  m_LightmapParameters: {fileID: 0}
  m_SortingLayerID: 0
  m_SortingLayer: 0
  m_SortingOrder: 0
  m_AdditionalVertexStreams: {fileID: 0}
--- !u!1001 &5306558104405397138
PrefabInstance:
  m_ObjectHideFlags: 0
  serializedVersion: 2
  m_Modification:
    m_TransformParent: {fileID: 5201458994555353874}
    m_Modifications:
    - target: {fileID: 143517870927821863, guid: c2e212342bb31cf4f8db07bc8a433e25, type: 3}
      propertyPath: m_RootOrder
      value: 1
      objectReference: {fileID: 0}
    - target: {fileID: 143517870927821863, guid: c2e212342bb31cf4f8db07bc8a433e25, type: 3}
      propertyPath: m_LocalPosition.x
      value: 0
      objectReference: {fileID: 0}
    - target: {fileID: 143517870927821863, guid: c2e212342bb31cf4f8db07bc8a433e25, type: 3}
      propertyPath: m_LocalPosition.y
      value: 0
      objectReference: {fileID: 0}
    - target: {fileID: 143517870927821863, guid: c2e212342bb31cf4f8db07bc8a433e25, type: 3}
      propertyPath: m_LocalPosition.z
      value: 0
      objectReference: {fileID: 0}
    - target: {fileID: 143517870927821863, guid: c2e212342bb31cf4f8db07bc8a433e25, type: 3}
      propertyPath: m_LocalRotation.w
      value: 0.9659258
      objectReference: {fileID: 0}
    - target: {fileID: 143517870927821863, guid: c2e212342bb31cf4f8db07bc8a433e25, type: 3}
      propertyPath: m_LocalRotation.x
      value: 0
      objectReference: {fileID: 0}
    - target: {fileID: 143517870927821863, guid: c2e212342bb31cf4f8db07bc8a433e25, type: 3}
      propertyPath: m_LocalRotation.y
      value: 0.2588191
      objectReference: {fileID: 0}
    - target: {fileID: 143517870927821863, guid: c2e212342bb31cf4f8db07bc8a433e25, type: 3}
      propertyPath: m_LocalRotation.z
      value: 0
      objectReference: {fileID: 0}
    - target: {fileID: 143517870927821863, guid: c2e212342bb31cf4f8db07bc8a433e25, type: 3}
      propertyPath: m_LocalEulerAnglesHint.x
      value: 0
      objectReference: {fileID: 0}
    - target: {fileID: 143517870927821863, guid: c2e212342bb31cf4f8db07bc8a433e25, type: 3}
      propertyPath: m_LocalEulerAnglesHint.y
      value: 30
      objectReference: {fileID: 0}
    - target: {fileID: 143517870927821863, guid: c2e212342bb31cf4f8db07bc8a433e25, type: 3}
      propertyPath: m_LocalEulerAnglesHint.z
      value: 0
      objectReference: {fileID: 0}
    - target: {fileID: 4175781413384186998, guid: c2e212342bb31cf4f8db07bc8a433e25, type: 3}
      propertyPath: m_Name
      value: Collider
      objectReference: {fileID: 0}
    m_RemovedComponents: []
  m_SourcePrefab: {fileID: 100100000, guid: c2e212342bb31cf4f8db07bc8a433e25, type: 3}
--- !u!4 &5213284652925547189 stripped
Transform:
  m_CorrespondingSourceObject: {fileID: 143517870927821863, guid: c2e212342bb31cf4f8db07bc8a433e25, type: 3}
  m_PrefabInstance: {fileID: 5306558104405397138}
  m_PrefabAsset: {fileID: 0}
--- !u!1001 &7269438004238498339
PrefabInstance:
  m_ObjectHideFlags: 0
  serializedVersion: 2
  m_Modification:
    m_TransformParent: {fileID: 5201458994555353874}
    m_Modifications:
    - target: {fileID: 8598200040464454949, guid: 202aa4d5184376742814fbb91f5249f3, type: 3}
      propertyPath: m_Pivot.x
      value: 0.5
      objectReference: {fileID: 0}
    - target: {fileID: 8598200040464454949, guid: 202aa4d5184376742814fbb91f5249f3, type: 3}
      propertyPath: m_Pivot.y
      value: 0.5
      objectReference: {fileID: 0}
    - target: {fileID: 8598200040464454949, guid: 202aa4d5184376742814fbb91f5249f3, type: 3}
      propertyPath: m_RootOrder
      value: 2
      objectReference: {fileID: 0}
    - target: {fileID: 8598200040464454949, guid: 202aa4d5184376742814fbb91f5249f3, type: 3}
      propertyPath: m_AnchorMax.x
      value: 0
      objectReference: {fileID: 0}
    - target: {fileID: 8598200040464454949, guid: 202aa4d5184376742814fbb91f5249f3, type: 3}
      propertyPath: m_AnchorMax.y
      value: 0
      objectReference: {fileID: 0}
    - target: {fileID: 8598200040464454949, guid: 202aa4d5184376742814fbb91f5249f3, type: 3}
      propertyPath: m_AnchorMin.x
      value: 0
      objectReference: {fileID: 0}
    - target: {fileID: 8598200040464454949, guid: 202aa4d5184376742814fbb91f5249f3, type: 3}
      propertyPath: m_AnchorMin.y
      value: 0
      objectReference: {fileID: 0}
    - target: {fileID: 8598200040464454949, guid: 202aa4d5184376742814fbb91f5249f3, type: 3}
      propertyPath: m_SizeDelta.x
      value: 6.9
      objectReference: {fileID: 0}
    - target: {fileID: 8598200040464454949, guid: 202aa4d5184376742814fbb91f5249f3, type: 3}
      propertyPath: m_SizeDelta.y
      value: 5.5
      objectReference: {fileID: 0}
    - target: {fileID: 8598200040464454949, guid: 202aa4d5184376742814fbb91f5249f3, type: 3}
      propertyPath: m_LocalPosition.x
      value: 0
      objectReference: {fileID: 0}
    - target: {fileID: 8598200040464454949, guid: 202aa4d5184376742814fbb91f5249f3, type: 3}
      propertyPath: m_LocalPosition.y
      value: 0
      objectReference: {fileID: 0}
    - target: {fileID: 8598200040464454949, guid: 202aa4d5184376742814fbb91f5249f3, type: 3}
      propertyPath: m_LocalPosition.z
      value: -0
      objectReference: {fileID: 0}
    - target: {fileID: 8598200040464454949, guid: 202aa4d5184376742814fbb91f5249f3, type: 3}
      propertyPath: m_LocalRotation.w
      value: 0.7071069
      objectReference: {fileID: 0}
    - target: {fileID: 8598200040464454949, guid: 202aa4d5184376742814fbb91f5249f3, type: 3}
      propertyPath: m_LocalRotation.x
      value: 0.7071067
      objectReference: {fileID: 0}
    - target: {fileID: 8598200040464454949, guid: 202aa4d5184376742814fbb91f5249f3, type: 3}
      propertyPath: m_LocalRotation.y
      value: 0.000000043671815
      objectReference: {fileID: 0}
    - target: {fileID: 8598200040464454949, guid: 202aa4d5184376742814fbb91f5249f3, type: 3}
      propertyPath: m_LocalRotation.z
      value: 0.0000000018595835
      objectReference: {fileID: 0}
    - target: {fileID: 8598200040464454949, guid: 202aa4d5184376742814fbb91f5249f3, type: 3}
      propertyPath: m_AnchoredPosition.x
      value: 0
      objectReference: {fileID: 0}
    - target: {fileID: 8598200040464454949, guid: 202aa4d5184376742814fbb91f5249f3, type: 3}
      propertyPath: m_AnchoredPosition.y
      value: 0.6000061
      objectReference: {fileID: 0}
    - target: {fileID: 8598200040464454949, guid: 202aa4d5184376742814fbb91f5249f3, type: 3}
      propertyPath: m_LocalEulerAnglesHint.x
      value: 90
      objectReference: {fileID: 0}
    - target: {fileID: 8598200040464454949, guid: 202aa4d5184376742814fbb91f5249f3, type: 3}
      propertyPath: m_LocalEulerAnglesHint.y
      value: 0
      objectReference: {fileID: 0}
    - target: {fileID: 8598200040464454949, guid: 202aa4d5184376742814fbb91f5249f3, type: 3}
      propertyPath: m_LocalEulerAnglesHint.z
      value: 0
      objectReference: {fileID: 0}
    - target: {fileID: 8598200040464454950, guid: 202aa4d5184376742814fbb91f5249f3, type: 3}
      propertyPath: m_Name
      value: Number Canvas
      objectReference: {fileID: 0}
    m_RemovedComponents: []
  m_SourcePrefab: {fileID: 100100000, guid: 202aa4d5184376742814fbb91f5249f3, type: 3}
--- !u!224 &1418856225176432390 stripped
RectTransform:
  m_CorrespondingSourceObject: {fileID: 8598200040464454949, guid: 202aa4d5184376742814fbb91f5249f3, type: 3}
  m_PrefabInstance: {fileID: 7269438004238498339}
  m_PrefabAsset: {fileID: 0}
